<?xml version="1.0" encoding="UTF-8"?><collection xmlns="http://www.loc.gov/MARC21/slim"><record><leader>00559nam--2200145-i-4500</leader><controlfield tag="001">000009045</controlfield><controlfield tag="002">20161230</controlfield><controlfield tag="005">20161230201028</controlfield><controlfield tag="008">060222s1000------------r-----000-0-eng-d</controlfield><datafield ind1=" " ind2=" " tag="080"><subfield code="a">621.3.002.62:551.58</subfield></datafield><datafield ind1=" " ind2=" " tag="100"><subfield code="a">Antohi, C. Si Altii</subfield></datafield><datafield ind1=" " ind2=" " tag="245"><subfield code="a">Aspecte privind controlul calitatii produselor electrotehnice destinate exportului in regiuni cu clima deosebita</subfield></datafield><datafield ind1=" " ind2=" " tag="260"><subfield code="a">Bucuresti, Consiliul Nationl Al Inginerilor Si Tehnicienilor, 1969 9 P</subfield></datafield><datafield ind1=" " ind2=" " tag="490"><subfield code="a">A Doua Conferinta A Electricienilor. Viii. Sectia Fiabilitate, Securitate, Calitate</subfield></datafield><datafield ind1=" " ind2=" " tag="852"><subfield code="a">31706</subfield></datafield></record></collection>